@book{bib:AnalysisI,
    title = {Analysis I},
    author = {Terence Tao},
    year = {2016},
    edition = {Third},
    publisher = {Hindustan Book Agency},
    address = {P-19 Green Park Extension, New Delhi 110016, India},
    editor = {C.S. Seshadri and Rajendra Bhatia and Manindra Agrawal and V. Balaji and R.B. Bapat and V.S. Borkar and T.R. Ramadas and V. Srinivas},
    series = {Texts and Readings in Mathematics},
    volume = {37}
}

@misc{bib:StrongInduction,
    title        = {{Proof of Strong principle of Induction (T. Tao Analysis I)}},
    author       = {Segun Ojo},
    howpublished = {Mathematics Stack Exchange},
    note         = {URL: \url{https://math.stackexchange.com/q/3143086} (version: 2019-08-29)},
    year         = 2019,
    month        = {March}
}

@misc{bib:vacuous,
    author = {{Vacuous truth}},
    year = {2020},
    note = {In \emph{Wikipedia}. \url{https://en.wikipedia.org/w/index.php?title=Vacuous_truth&oldid=962290870}. Accessed 18 June 2020.}
}

@misc{bib:PropositionalLogicLaws,
    title = {The Laws of Propositional Logic},
    author = {{Math Online}},
    year = {2018},
    note = {\url{http://mathonline.wikidot.com/the-laws-of-propositional-logic}. Accessed 25 June 2020.}
}